@online{cmt2021,
    author = {{Página da Companhia de Música Teatral — Pianoscópio}},
    title = {Pianoscópio},
    year = {n.d.},
    url = {https://www.musicateatral.com/constelacao/pianoscopio/},
    note = {Consultado a 09/06/2021}
}

@mastersthesis{vaz2016,
    author = {Vaz, Cláudio Matias Ramos},
    title = {Pianoscópio: uma visão do processo criativo},
    year = {2016},
    school = {Universidade de Aveiro}
}

@online{thepiano_sg,
    author = {{Página de ThePiano.SG}},
    title = {What is a Silent Piano?},
    year = {2014},
    url = {https://www.thepiano.sg/piano/read/what-silent-piano},
    note = {Consultado a 09/06/2021}
}

@book{cage1961,
    author = {Cage, John},
    title = {Silence: Lectures and Writings},
    year = {1961},
    publisher = {Wesleyan University Press},
    address = {Middletown, Connecticut}
}

@mastersthesis{anderson2012,
    author = {Anderson, Simon Peter},
    title = {The Prepared Piano Music of John Cage: Towards an Understanding of Sounds and Preparations},
    year = {2012},
    school = {University of Huddersfield}
}

@book{souza2017,
    author = {Souza, Jonathan de},
    title = {Voluntary Self-Sabotage},
    booktitle = {Music at Hand: Instruments, Bodies, and Cognition},
    publisher = {Oxford University Press},
    address = {New York},
    year = {2017}
}

@article{trueman2019,
    author = {Trueman, Dan and Mulshine, Michael},
    title = {Preparing the Digital Piano: Introducing bitKlavier},
    year = {2019},
    journal = {Computer Music Journal},
    volume = {43},
    number = {2,3}
}

@article{trueman2019b,
    author = {Trueman, Dan and Bhatia, Aatish and Mulshine, Michael and Trevisan, Theo},
    title = {Tuning Playfully: Composed and Adaptive Tunings in bitKlavier},
    year = {2019},
    journal = {Computer Music Journal},
    volume = {43},
    number = {2,3}
}

@book{trueman2015a,
    author = {Trueman, Dan},
    title = {Nostalgic Synchronic: Etudes for Prepared Digital Piano},
    year = {2015},
    publisher = {Many Arrows Music},
}

@book{trueman2015b,
    editor = {Trueman, Dan},
    title = {Mikroetudes for Prepared Digital Piano},
    year = {2015},
    publisher = {Many Arrows Music}
}

@book{bishop2005,
    author = {Bishop, Claire},
    title = {Installation Art},
    year = {2005},
    publisher = {Tate Publishing},
    address = {Millbank, London}
}

@book{reiss1999,
    author = {Reiss, Julie H},
    title = {From Margin to Center: The Spaces of Installation Art},
    year = {1999},
    publisher = {The MIT Press},
    address = {Massachusetts Institute of Technology}
}

@book{carlson1996,
    author = {Carlson, Marvin},
    title = {Performance: A Critical Introduction},
    year = {1996},
    edition = {1},
    publisher = {Routledge}
}

@book{cage1958,
    author = {Cage, John},
    title = {Composition as Process},
    year = {1958},
    booktitle = {Silence: Lectures and Writings},
    publisher = {Wesleyan University Press},
    address = {Middletown, Connecticut}
}

@techreport{mcguire2012,
    author = {McGuire, G. and Tugemann, B. and Civario, G.},
    title = {There is no 16-Clue Sudoku: Solving the Sudoku Minimum Number of Clues Problem},
    year = {2012},
    institution = {University College},
    address = {Dublin, Ireland}
}

@online{finale,
    author = {{Página oficial Finale}},
    title = {Finale Music Notation Software},
    year = {n.d.},
    url = {https://www.finalemusic.com},
    note = {Consultado a 05/07/2021}
}

@book{bunger1981,
  title={The Well-prepared Piano},
  author={Bunger, Richard},
  year={1981},
  publisher={Litoral Arts Press}
}

@book{pritchett1993,
  title={The Music of John Cage},
  author={Pritchett, James},
  series={Music in the twentieth century},
  year={1993},
  publisher={Cambridge University Press}
}

@book{cage1981,
  title={For the Birds},
  author={Cage, John and Charles, Daniel},
  year={1981},
  publisher={M. Boyars}
}

@book{dianova2008,
  title={John Cage's Prepared Piano: The Nuts and Bolts},
  author={Dianova, Tzenka},
  year={2008},
  publisher={Mutasis Books}
}

@book{schafer1993,
  title={The Soundscape: Our Sonic Environment and the Tuning of the World},
  author={Schafer, R. Murray},
  year={1993},
  address={Rochester, Vermont},
  publisher={Destiny Books},
}

@book{paynter1992,
  title={Sound and Structure},
  author={Paynter, John},
  year={1992},
  publisher={Cambridge University Press}
}

@mastersthesis{miguel2021,
  author  = {Miguel, Mariana},
  school  = {Universidade de Évora},
  title   = {Experimental creative practice at the piano: a case study},
  year    = {2021}
}

@mastersthesis{tsanko2020,
  author  = {Tsanko, Vasyl},
  school  = {Universidade de Aveiro},
  title   = {Uso das técnicas expandidas no início da aprendizagem de um instrumento: o caso particular do piano},
  year    = {2020}
}

@book{kaprow1956,
  author         = {Kaprow, Allan},
  publisher      = {Harry N. Abrams},
  title          = {Assemblages, Environments and Happenings},
  year           = {1956},
  address        = {New York}
}

@book{kirby1965,
  author         = {Kirby, Michael},
  publisher      = {Dutton},
  title          = {Happenings: An Illustrated Anthology},
  year           = {1965}
}

@book{howell1999,
  author         = {Howell, Anthony},
  publisher      = {Routledge},
  address        = {London and New York},
  title          = {The analysis of performance art : a guide to its theory and practice},
  year           = {1999}
}

@manual{bk2018,
  author       = {Fishman, Noah and Trueman, Dan},
  title        = {bitKlaiver - Manual and Documentation},
  year         = {2018},
}

@article{code2002,
  author          = {Code, D. L.},
  journal         = {Computer Music Journal},
  number          = {26},
  title           = {Groven.Max: An Adaptive Tuning System for MIDI Pianos},
  volume          = {2},
  pages           = {50-61},
  year            = {2002}
}

@book{sethares2005,
  author         = {Sethares, W.},
  publisher      = {Springer-Verlag},
  title          = {Tuning, Timbre, Spectrum, Scale},
  year           = {2005},
  address        = {London}
}